@article{Calhoun2016,
  doi = {10.1109/msp.2015.2478915},
  year = {2016},
  month = may,
  publisher = {Institute of Electrical and Electronics Engineers ({IEEE})},
  volume = {33},
  number = {3},
  pages = {52--66},
  author = {Vince D. Calhoun and Tulay Adali},
  title = {Time-Varying Brain Connectivity in {fMRI} Data: Whole-brain data-driven approaches for capturing and characterizing dynamic states},
  journal = {{IEEE} Signal Processing Magazine}
}

@article{Phan2002,
	doi = {10.1006/nimg.2002.1087},
	year = {2002},
	month = jun,
	publisher = {Elsevier {BV}},
	volume = {16},
	number = {2},
	pages = {331--348},
	author = {K.Luan Phan and Tor Wager and Stephan F. Taylor and Israel Liberzon},
	title = {Functional Neuroanatomy of Emotion: A Meta-Analysis of Emotion Activation Studies in {PET} and {fMRI}},
	journal = {{NeuroImage}}
}

@article{Murphy2013,
	doi = {10.1016/j.neuroimage.2013.04.001},
	year = {2013},
	month = oct,
	publisher = {Elsevier {BV}},
	volume = {80},
	pages = {349--359},
	author = {Kevin Murphy and Rasmus M. Birn and Peter A. Bandettini},
	title = {Resting-state {fMRI} confounds and cleanup},
	journal = {{NeuroImage}}
}

@article{Lehmann2017,
	doi = {10.1016/j.neuroimage.2017.05.065},
	year = {2017},
	month = aug,
	publisher = {Elsevier {BV}},
	volume = {157},
	pages = {635--647},
	author = {B.C.L. Lehmann and S.R. White and R.N. Henson and  Cam-CAN and L. Geerligs},
	title = {Assessing dynamic functional connectivity in heterogeneous samples},
	journal = {{NeuroImage}}
}

@article{Adali2014,
	doi = {10.1109/msp.2014.2300511},
	year = {2014},
	month = may,
	publisher = {Institute of Electrical and Electronics Engineers ({IEEE})},
	volume = {31},
	number = {3},
	pages = {18--33},
	author = {Tulay Adali and Matthew Anderson and Geng-Shen Fu},
	title = {Diversity in Independent Component and Vector Analyses: Identifiability,  algorithms,  and applications in medical imaging},
	journal = {{IEEE} Signal Processing Magazine}
}

@article{Lee2008,
	doi = {10.1016/j.neuroimage.2007.11.019},
	year = {2008},
	month = mar,
	publisher = {Elsevier {BV}},
	volume = {40},
	number = {1},
	pages = {86--109},
	author = {Jong-Hwan Lee and Te-Won Lee and Ferenc A. Jolesz and Seung-Schik Yoo},
	title = {Independent vector analysis ({IVA}): Multivariate approach for {fMRI} group study},
	journal = {{NeuroImage}}
}

@article{Calhoun2012,
	doi = {10.1109/rbme.2012.2211076},
	year = {2012},
	publisher = {Institute of Electrical and Electronics Engineers ({IEEE})},
	volume = {5},
	pages = {60--73},
	author = {Vince D. Calhoun and T\"{u}lay Adali},
	title = {Multisubject Independent Component Analysis of {fMRI}: A Decade of Intrinsic Networks,  Default Mode,  and Neurodiagnostic Discovery},
	journal = {{IEEE} Reviews in Biomedical Engineering}
}

@article{Younes2006,
	doi = {10.1016/j.ic.2006.05.002},
	year = {2006},
	month = sep,
	publisher = {Elsevier {BV}},
	volume = {204},
	number = {9},
	pages = {1368--1409},
	author = {H{\aa}kan L.S. Younes and Reid G. Simmons},
	title = {Statistical probabilistic model checking with a focus on time-bounded properties},
	journal = {Information and Computation}
}

@article{Smith2012,
	doi = {10.1016/j.neuroimage.2012.01.022},
	year = {2012},
	month = aug,
	publisher = {Elsevier {BV}},
	volume = {62},
	number = {2},
	pages = {1257--1266},
	author = {Stephen M. Smith},
	title = {The future of {FMRI} connectivity},
	journal = {{NeuroImage}}
}

@article{Liu2016,
	doi = {10.1109/jstsp.2016.2594949},
	year = {2016},
	month = oct,
	publisher = {Institute of Electrical and Electronics Engineers ({IEEE})},
	volume = {10},
	number = {7},
	pages = {1172--1181},
	author = {Aiping Liu and Xun Chen and Xiaojuan Dan and Martin J. McKeown and Z. Jane Wang},
	title = {A Combined Static and Dynamic Model for Resting-State Brain Connectivity Networks},
	journal = {{IEEE} Journal of Selected Topics in Signal Processing}
}

@article{Liu2015,
	doi = {10.1109/tbme.2014.2359211},
	year = {2015},
	month = feb,
	publisher = {Institute of Electrical and Electronics Engineers ({IEEE})},
	volume = {62},
	number = {2},
	pages = {501--510},
	author = {Aiping Liu and Xun Chen and Martin J. McKeown and Z. Jane Wang},
	title = {A Sticky Weighted Regression Model for Time-Varying Resting-State Brain Connectivity Estimation},
	journal = {{IEEE} Transactions on Biomedical Engineering}
}

@article{Oikonomou2013,
	doi = {10.1109/tmi.2012.2221731},
	year = {2013},
	month = apr,
	publisher = {Institute of Electrical and Electronics Engineers ({IEEE})},
	volume = {32},
	number = {4},
	pages = {649--659},
	author = {V. P. Oikonomou and K. Blekas},
	title = {An Adaptive Regression Mixture Model for {fMRI} Cluster Analysis},
	journal = {{IEEE} Transactions on Medical Imaging}
}

@article{Oikonomou2012,
	doi = {10.1109/tbme.2010.2104321},
	year = {2012},
	month = jan,
	publisher = {Institute of Electrical and Electronics Engineers ({IEEE})},
	volume = {59},
	number = {1},
	pages = {58--67},
	author = {V. P. Oikonomou and K. Blekas and L. Astrakas},
	title = {A Sparse and Spatially Constrained Generative Regression Model for {fMRI} Data Analysis},
	journal = {{IEEE} Transactions on Biomedical Engineering}
}

@article{Baumgartner2000,
	doi = {10.1016/s0730-725x(99)00102-2},
	year = {2000},
	month = jan,
	publisher = {Elsevier {BV}},
	volume = {18},
	number = {1},
	pages = {89--94},
	author = {R Baumgartner and L Ryner and W Richter and R Summers and M Jarmasz and R Somorjai},
	title = {Comparison of two exploratory data analysis methods for {fMRI}: fuzzy clustering vs. principal component analysis},
	journal = {Magnetic Resonance Imaging}
}

@article{Zhang2001,
	doi = {10.1109/42.906424},
	year = {2001},
	publisher = {Institute of Electrical and Electronics Engineers ({IEEE})},
	volume = {20},
	number = {1},
	pages = {45--57},
	author = {Y. Zhang and M. Brady and S. Smith},
	title = {Segmentation of brain {MR} images through a hidden Markov random field model and the expectation-maximization algorithm},
	journal = {{IEEE} Transactions on Medical Imaging}
}

@article{GomezLaberge2011,
	doi = {10.1109/tbme.2011.2108296},
	year = {2011},
	month = jul,
	publisher = {Institute of Electrical and Electronics Engineers ({IEEE})},
	volume = {58},
	number = {7},
	pages = {1967--1976},
	author = {C Gomez-Laberge and A Adler and I Cameron and  Thanh Nguyen and M J Hogan},
	title = {A Bayesian Hierarchical Correlation Model for {fMRI} Cluster Analysis},
	journal = {{IEEE} Transactions on Biomedical Engineering}
}

@article{Oikonomou2010,
	doi = {10.1109/titb.2009.2039712},
	year = {2010},
	month = may,
	publisher = {Institute of Electrical and Electronics Engineers ({IEEE})},
	volume = {14},
	number = {3},
	pages = {664--674},
	author = {Vangelis P Oikonomou and Evanthia E Tripoliti and Dimitrios I Fotiadis},
	title = {Bayesian Methods for {fMRI} Time-Series Analysis Using a Nonstationary Model for the Noise},
	journal = {{IEEE} Transactions on Information Technology in Biomedicine}
}

@article{Power2012,
	doi = {10.1016/j.neuroimage.2011.10.018},
	year = {2012},
	month = feb,
	publisher = {Elsevier {BV}},
	volume = {59},
	number = {3},
	pages = {2142--2154},
	author = {Jonathan D. Power and Kelly A. Barnes and Abraham Z. Snyder and Bradley L. Schlaggar and Steven E. Petersen},
	title = {Spurious but systematic correlations in functional connectivity {MRI} networks arise from subject motion},
	journal = {{NeuroImage}}
}

@article{Greicius2002,
	doi = {10.1073/pnas.0135058100},
	year = {2002},
	month = dec,
	publisher = {Proceedings of the National Academy of Sciences},
	volume = {100},
	number = {1},
	pages = {253--258},
	author = {M. D. Greicius and B. Krasnow and A. L. Reiss and V. Menon},
	title = {Functional connectivity in the resting brain: A network analysis of the default mode hypothesis},
	journal = {Proceedings of the National Academy of Sciences}
}

@article{Ahmad2016,
	doi = {10.1109/jstsp.2016.2599010},
	year = {2016},
	month = oct,
	publisher = {Institute of Electrical and Electronics Engineers ({IEEE})},
	volume = {10},
	number = {7},
	pages = {1150--1159},
	author = {M. Faizan Ahmad and James Murphy and Deniz Vatansever and Emmanuel A. Stamatakis and Simon J. Godsill},
	title = {Bayesian Inference of Task-Based Functional Brain Connectivity Using Markov Chain Monte Carlo Methods},
	journal = {{IEEE} Journal of Selected Topics in Signal Processing}
}

@article{Flandin2007,
	doi = {10.1016/j.neuroimage.2006.10.005},
	year = {2007},
	month = feb,
	publisher = {Elsevier {BV}},
	volume = {34},
	number = {3},
	pages = {1108--1125},
	author = {Guillaume Flandin and William D. Penny},
	title = {Bayesian {fMRI} data analysis with sparse spatial basis function priors},
	journal = {{NeuroImage}}
}

@article{Ryali2012,
	doi = {10.1016/j.neuroimage.2011.11.054},
	year = {2012},
	month = feb,
	publisher = {Elsevier {BV}},
	volume = {59},
	number = {4},
	pages = {3852--3861},
	author = {Srikanth Ryali and Tianwen Chen and Kaustubh Supekar and Vinod Menon},
	title = {Estimation of functional connectivity in {fMRI} data using stability selection-based sparse partial correlation with elastic net penalty},
	journal = {{NeuroImage}}
}

@article{Handwerker2012,
	doi = {10.1016/j.neuroimage.2012.06.078},
	year = {2012},
	month = nov,
	publisher = {Elsevier {BV}},
	volume = {63},
	number = {3},
	pages = {1712--1719},
	author = {Daniel A. Handwerker and Vinai Roopchansingh and Javier Gonzalez-Castillo and Peter A. Bandettini},
	title = {Periodic changes in {fMRI} connectivity},
	journal = {{NeuroImage}}
}

@article{Suk2016,
	doi = {10.1016/j.neuroimage.2016.01.005},
	year = {2016},
	month = apr,
	publisher = {Elsevier {BV}},
	volume = {129},
	pages = {292--307},
	author = {Heung-Il Suk and Chong-Yaw Wee and Seong-Whan Lee and Dinggang Shen},
	title = {State-space model with deep learning for functional dynamics estimation in resting-state {fMRI}},
	journal = {{NeuroImage}}
}

@article{Hong2015,
	doi = {10.1109/tip.2015.2487860},
	year = {2015},
	month = dec,
	publisher = {Institute of Electrical and Electronics Engineers ({IEEE})},
	volume = {24},
	number = {12},
	pages = {5659--5670},
	author = {Chaoqun Hong and Jun Yu and Jian Wan and Dacheng Tao and Meng Wang},
	title = {Multimodal Deep Autoencoder for Human Pose Recovery},
	journal = {{IEEE} Transactions on Image Processing}
}

@article{HanchuanPeng2005,
	doi = {10.1109/tpami.2005.159},
	year = {2005},
	month = aug,
	publisher = {Institute of Electrical and Electronics Engineers ({IEEE})},
	volume = {27},
	number = {8},
	pages = {1226--1238},
	author = {Hanchuan Peng and  Fuhui Long and C. Ding},
	title = {Feature selection based on mutual information criteria of max-dependency,  max-relevance,  and min-redundancy},
	journal = {{IEEE} Transactions on Pattern Analysis and Machine Intelligence}
}

@article{Leonardi2013,
	doi = {10.1016/j.neuroimage.2013.07.019},
	year = {2013},
	month = dec,
	publisher = {Elsevier {BV}},
	volume = {83},
	pages = {937--950},
	author = {Nora Leonardi and Jonas Richiardi and Markus Gschwind and Samanta Simioni and Jean-Marie Annoni and Myriam Schluep and Patrik Vuilleumier and Dimitri Van De Ville},
	title = {Principal components of functional connectivity: A new approach to study dynamic brain connectivity during rest},
	journal = {{NeuroImage}}
}

@article{GonzalezCastillo2015,
	doi = {10.1073/pnas.1501242112},
	year = {2015},
	month = jun,
	publisher = {Proceedings of the National Academy of Sciences},
	volume = {112},
	number = {28},
	pages = {8762--8767},
	author = {Javier Gonzalez-Castillo and Colin W. Hoy and Daniel A. Handwerker and Meghan E. Robinson and Laura C. Buchanan and Ziad S. Saad and Peter A. Bandettini},
	title = {Tracking ongoing cognition in individuals using brief,  whole-brain functional connectivity patterns},
	journal = {Proceedings of the National Academy of Sciences}
}

@article{Arribas2010,
	doi = {10.1109/tbme.2010.2080679},
	year = {2010},
	month = dec,
	publisher = {Institute of Electrical and Electronics Engineers ({IEEE})},
	volume = {57},
	number = {12},
	pages = {2850--2860},
	author = {J I Arribas and V D Calhoun and T Adali},
	title = {Automatic Bayesian Classification of Healthy Controls,  Bipolar Disorder,  and Schizophrenia Using Intrinsic Connectivity Maps From {fMRI} Data},
	journal = {{IEEE} Transactions on Biomedical Engineering}
}

@article{Shen2014,
	doi = {10.1097/wnr.0000000000000267},
	year = {2014},
	month = dec,
	publisher = {Ovid Technologies (Wolters Kluwer Health)},
	volume = {25},
	number = {17},
	pages = {1344--1349},
	author = {Hui Shen and Zhenfeng Li and Ling-Li Zeng and Lin Yuan and Fanglin Chen and Zhening Liu and Dewen Hu},
	title = {Internetwork dynamic connectivity effectively differentiates schizophrenic patients from healthy controls},
	journal = {{NeuroReport}}
}

@article{Rashid2016,
	doi = {10.1016/j.neuroimage.2016.04.051},
	year = {2016},
	month = jul,
	publisher = {Elsevier {BV}},
	volume = {134},
	pages = {645--657},
	author = {Barnaly Rashid and Mohammad R. Arbabshirani and Eswar Damaraju and Mustafa S. Cetin and Robyn Miller and Godfrey D. Pearlson and Vince D. Calhoun},
	title = {Classification of schizophrenia and bipolar patients using static and dynamic resting-state {fMRI} brain connectivity},
	journal = {{NeuroImage}}
}

@article{Sarraf2016,
	author = {Sarraf, Saman and Tofighi, Ghassem},
	year = {2016},
	month = {03},
	pages = {},
	title = {Classification of Alzheimer's Disease using fMRI Data and Deep Learning Convolutional Neural Networks},
	Eprint = {arXiv:1603.08631}
}

@inproceedings{Lecun1995,
	title={Comparison of learning algorithms for handwritten digit recognition},
	author={LeCun, Yann and Jackel, LD and Bottou, Leon and Brunot, A and Cortes, Corinna and Denker, JS and Drucker, Harris and Guyon, I and Muller, UA and Sackinger, Eduard and others},
	booktitle={International conference on artificial neural networks},
	volume={60},
	pages={53--60},
	year={1995},
	organization={Perth, Australia}
}

@article{Calhoun2004,
	title={Aberrant localization of synchronous hemodynamic activity in auditory cortex reliably characterizes schizophrenia},
	author={Calhoun, Vince D and Kiehl, Kent A and Liddle, Peter F and Pearlson, Godfrey D},
	journal={Biological psychiatry},
	volume={55},
	number={8},
	pages={842--849},
	year={2004},
	publisher={Elsevier {BV}}
}

@article{Plis2014,
	doi = {10.3389/fnins.2014.00229},
	year = {2014},
	month = aug,
	publisher = {Frontiers Media {SA}},
	volume = {8},
	author = {Sergey M. Plis and Devon R. Hjelm and Ruslan Salakhutdinov and Elena A. Allen and Henry J. Bockholt and Jeffrey D. Long and Hans J. Johnson and Jane S. Paulsen and Jessica A. Turner and Vince D. Calhoun},
	title = {Deep learning for neuroimaging: a validation study},
	journal = {Frontiers in Neuroscience}
}

@article{Ji2013,
	doi = {10.1109/tpami.2012.59},
	year = {2013},
	month = jan,
	publisher = {Institute of Electrical and Electronics Engineers ({IEEE})},
	volume = {35},
	number = {1},
	pages = {221--231},
	author = {Shuiwang Ji and Wei Xu and Ming Yang and Kai Yu},
	title = {3D Convolutional Neural Networks for Human Action Recognition},
	journal = {{IEEE} Transactions on Pattern Analysis and Machine Intelligence}
}

@article{Wang2016,
	doi = {10.1109/tkde.2016.2606428},
	year = {2016},
	month = dec,
	publisher = {Institute of Electrical and Electronics Engineers ({IEEE})},
	volume = {28},
	number = {12},
	pages = {3395--3408},
	author = {Hao Wang and Dit-Yan Yeung},
	title = {Towards Bayesian Deep Learning: A Framework and Some Existing Methods},
	journal = {{IEEE} Transactions on Knowledge and Data Engineering}
}

@inproceedings{Gal2016,
	title={Dropout as a bayesian approximation: Representing model uncertainty in deep learning},
	author={Gal, Yarin and Ghahramani, Zoubin},
	booktitle={international conference on machine learning},
	pages={1050--1059},
	year={2016}
}

@book{Rasmussen2006,
	author    = {C. E. Rasmussen and C. K. I. Williams},
	title     = {Gaussian Processes for Machine Learning (Adaptive Computation and Machine Learning)},
	publisher = {The MIT Press},
	year      =  {2006},
	edition   = {1st Edition}
}



@book{Bishop2006,
	author    = {C. M. Bishop},
	title     = {Pattern recognition and machine learning},
	publisher = {Springer},
	year      =  {2006},
	edition   = {1st Edition}
}

@misc{UsaToday,
	author = {Jessica Guynn},
	title = {Google Photos labeled black people 'gorillas'},
	year = {2015},
	month = jul,
	howpublished = {\url{https://eu.usatoday.com/story/tech/2015/07/01/google-apologizes-after-photos-identify-black-people-as-gorillas/29567465/}},
	note = {[Online; accessed 25-September-2019]}
}

@misc{OpenFmri,
	author = {Noritaka Yoneyama and Hirohisa Watanabe and Kazuya Kawabata and Epifanio Bagarinao and Kazuhiro Hara and Takashi Tsuboi and Yasuhiro Tanaka and Reiko Ohdake and Kazunori Imai and Rei Ogura and Yasutaka Kato and Michihito Masuda and Tatsuya Hattori and Mizuki Ito and Satoshi Maesawa and Daisuke Mori and Masahisa Katsuno and Gen Sobue},
	title = {Olfactory dysfunction and functional connectivity changes in cognitively normal Parkinson’s disease},
	year = {2018},
	month = jul,
	howpublished = {\url{https://openfmri.org/dataset/ds000245}},
	note = {This data was obtained from the OpenfMRI database. Its accession number is ds000245 [Online; accessed 25-September-2019]}
}

@misc{SourceCode,
		author = {Amin Amini},
		title = {Baysean Fmri Disease Diagnosis},
		year = {2019},
		month = jan,
		howpublished = {\url{https://github.com/amin-amini/BayseanFmriDiseaseDiagnosis}},
		note = {Implemented source code of the experiments}
}